<collection xmlns="http://www.loc.gov/MARC21/slim">
<record>
  <leader>01273nam0a2200301 i 450 </leader>
  <controlfield tag="001">IT\ICCU\CNCE\018840</controlfield>
  <controlfield tag="005">20040827000000.0</controlfield>
  <datafield tag="012" ind1=" " ind2=" ">
    <subfield code="a">tora usum u.go ems. (C) 1516 (R)</subfield>
    <subfield code="2">fei</subfield>
  </datafield>
  <datafield tag="100" ind1=" " ind2=" ">
    <subfield code="a">19970101d1516        0itac0103    ba</subfield>
  </datafield>
  <datafield tag="101" ind1=" " ind2=" ">
    <subfield code="a">LAT</subfield>
  </datafield>
  <datafield tag="102" ind1=" " ind2=" ">
    <subfield code="a">IT</subfield>
  </datafield>
  <datafield tag="200" ind1="1" ind2=" ">
    <subfield code="a">Itinerarium diui Leonis decimi pontificis max</subfield>
  </datafield>
  <datafield tag="210" ind1=" " ind2=" ">
    <subfield code="e">Impressa Romae</subfield>
    <subfield code="g">per Stephanum Guillereti</subfield>
    <subfield code="h">tertio Kl. Aprilis 1516</subfield>
  </datafield>
  <datafield tag="215" ind1=" " ind2=" ">
    <subfield code="a">\8! c.</subfield>
    <subfield code="d">4ʻ</subfield>
  </datafield>
  <datafield tag="300" ind1=" " ind2=" ">
    <subfield code="a">Il nome dell&apos;autore si ricava dalla dedica</subfield>
  </datafield>
  <datafield tag="620" ind1=" " ind2=" ">
    <subfield code="a">IT</subfield>
    <subfield code="d">Roma</subfield>
  </datafield>
  <datafield tag="700" ind1=" " ind2="1">
    <subfield code="a">Ferreri,</subfield>
    <subfield code="b">Zaccaria</subfield>
    <subfield code="3">IT\ICCU\CNCA\005341</subfield>
  </datafield>
  <datafield tag="712" ind1="0" ind2="0">
    <subfield code="a">Guillery, Etienne</subfield>
    <subfield code="3">IT\ICCU\CNCT\000106</subfield>
    <subfield code="4">650</subfield>
  </datafield>
  <datafield tag="790" ind1=" " ind2="1">
    <subfield code="a">Benedetti,</subfield>
    <subfield code="b">Zaccaria</subfield>
    <subfield code="3">IT\ICCU\CNCA\007827</subfield>
    <subfield code="z">Ferreri, Zaccaria</subfield>
  </datafield>
  <datafield tag="790" ind1=" " ind2="1">
    <subfield code="a">Ferrerius,</subfield>
    <subfield code="b">Zacharias</subfield>
    <subfield code="3">IT\ICCU\CNCA\019418</subfield>
    <subfield code="z">Ferreri, Zaccaria</subfield>
  </datafield>
  <datafield tag="791" ind1="0" ind2="0">
    <subfield code="a">Guilliretus, Stephanus</subfield>
    <subfield code="3">IT\ICCU\CNCT\003508</subfield>
    <subfield code="z">Guillery, Etienne</subfield>
  </datafield>
  <datafield tag="791" ind1="0" ind2="0">
    <subfield code="a">Guilleretus, Stephanus</subfield>
    <subfield code="3">IT\ICCU\CNCT\005093</subfield>
    <subfield code="z">Guillery, Etienne</subfield>
  </datafield>
  <datafield tag="791" ind1="0" ind2="0">
    <subfield code="a">Guilleri, Stephanus</subfield>
    <subfield code="3">IT\ICCU\CNCT\005094</subfield>
    <subfield code="z">Guillery, Etienne</subfield>
  </datafield>
  <datafield tag="801" ind1=" " ind2="3">
    <subfield code="a">IT</subfield>
    <subfield code="b">ICCU</subfield>
    <subfield code="c">20201114</subfield>
  </datafield>
  <datafield tag="899" ind1=" " ind2=" ">
    <subfield code="a">Biblioteca comunale Augusta. Perugia</subfield>
    <subfield code="1">PG0109</subfield>
    <subfield code="2">UM1 01</subfield>
  </datafield>
  <datafield tag="899" ind1=" " ind2=" ">
    <subfield code="a">Biblioteca Angelica. Roma</subfield>
    <subfield code="1">RM0290</subfield>
    <subfield code="2">RML 06</subfield>
  </datafield>
  <datafield tag="899" ind1=" " ind2=" ">
    <subfield code="a">British Library. London</subfield>
    <subfield code="1">UK0001</subfield>
  </datafield>
  <datafield tag="899" ind1=" " ind2=" ">
    <subfield code="a">Biblioteca civica Bertoliana. Vicenza</subfield>
    <subfield code="1">VI0096</subfield>
    <subfield code="2">VIA BE</subfield>
  </datafield>
</record>
</collection>
